@book{jls8,
    author    = "Gosling, James and Joy, Bill and Steele, Guy and Bracha, Gilad and Buckley, Alex",
    title     = "The Java Language Specification, Java SE 8 Edition",
    publisher = "Oracle America Inc.",
    year      = "2014",
    month    = "March"
}
http://docs.oracle.com/javase/specs/jls/se8/jls8.pdf

@misc{website:tiobe,
      author = "TIOBE Software",
      title = "TIOBE Software: Tiobe Index",
      month = "Junio",
      year = "2014",
      url = "http://www.tiobe.com/index.php/content/paperinfo/tpci/index.html"
}